@book{arlow2005uml,
  title={UML 2 and the unified process: practical object-oriented analysis and design},
  author={Arlow, Jim and Neustadt, Ila},
  year={2005},
  publisher={Pearson Education}
}

@misc{stack,
  author = {Gerd Wagner},
  title = {{Shortcut for denoting or implying getters and setters in UML class diagrams}},
  howpublished = "\url{https://stackoverflow.com/questions/28139621/shortcut-for-denoting-or-implying-getters-and-setters-in-uml-class-diagrams}",
  year = {2015}, 
  note = "[Online; accessed 22-May-2018]"
}

@misc{dependency,
  author = {Unknown},
  title = {{Dependency inversion principle}},
  howpublished = "\url{https://en.wikipedia.org/wiki/Dependency_inversion_principle}",
  year = {2018}, 
  note = "[Online; accessed 27-May-2018]"
}

@misc{github,
  author = {Gruppe-11},
  title = {{Github Kanban Board}},
  howpublished = "\url{https://github.com/kvartborg/2-semesterprojekt/projects/1}",
  year = {2018}, 
  note = "[Online; accessed 27-May-2018]"
} 

@misc{gdpr,
  author = {intersoft consulting services AG},
  title = {{GDPR Key Issues}},
  howpublished = "\url{https://gdpr-info.eu/}",
  year = {2018}, 
  note = "[Online; accessed 27-May-2018]"
} 